<?xml version='1.0' encoding='utf-8'?>
<record xmlns="http://www.loc.gov/MARC21/slim" xmlns:xsi="http://www.w3.org/2001/XMLSchema-instance">
  <leader>^^^^^cas^a2200373^a^4500</leader>
  <controlfield tag="001">007298349</controlfield>
  <controlfield tag="005">20091204045149.0</controlfield>
  <controlfield tag="008">801002c19809999miusr^pe^^^^^^0^^^a0eng^d</controlfield>
  <datafield tag="010" ind1=" " ind2=" ">
    <subfield code="a">82642442</subfield>
    <subfield code="z">sn 80002305</subfield>
  </datafield>
  <datafield tag="022" ind1="1" ind2=" ">
    <subfield code="a">0273-6454</subfield>
    <subfield code="2">1</subfield>
  </datafield>
  <datafield tag="032" ind1=" " ind2=" ">
    <subfield code="a">885680</subfield>
    <subfield code="b">USPS</subfield>
  </datafield>
  <datafield tag="035" ind1=" " ind2=" ">
    <subfield code="a">(OCoLC)6780491</subfield>
  </datafield>
  <datafield tag="035" ind1=" " ind2=" ">
    <subfield code="a">(OCoLC)ocm06780491</subfield>
  </datafield>
  <datafield tag="037" ind1=" " ind2=" ">
    <subfield code="b">C. Rohwetter, P.O. Box 57, St. Charles, MI 48655</subfield>
  </datafield>
  <datafield tag="040" ind1=" " ind2=" ">
    <subfield code="a">NSD</subfield>
    <subfield code="c">NSD</subfield>
    <subfield code="d">DLC</subfield>
    <subfield code="d">NSD</subfield>
    <subfield code="d">DLC</subfield>
    <subfield code="d">OCLCQ</subfield>
    <subfield code="d">BEU</subfield>
  </datafield>
  <datafield tag="042" ind1=" " ind2=" ">
    <subfield code="a">lc</subfield>
    <subfield code="a">nsdp</subfield>
  </datafield>
  <datafield tag="049" ind1=" " ind2=" ">
    <subfield code="a">BEUA</subfield>
  </datafield>
  <datafield tag="050" ind1="0" ind2="0">
    <subfield code="a">GV1796.P55</subfield>
    <subfield code="b">M53</subfield>
  </datafield>
  <datafield tag="082" ind1=" " ind2=" ">
    <subfield code="a">793.3/3</subfield>
  </datafield>
  <datafield tag="222" ind1=" " ind2="4">
    <subfield code="a">The Polka news</subfield>
  </datafield>
  <datafield tag="245" ind1="0" ind2="4">
    <subfield code="a">The Polka news.</subfield>
  </datafield>
  <datafield tag="260" ind1=" " ind2=" ">
    <subfield code="a">St. Charles, Mich. :</subfield>
    <subfield code="b">C. Rohwetter,</subfield>
    <subfield code="c">[1980?-</subfield>
  </datafield>
  <datafield tag="300" ind1=" " ind2=" ">
    <subfield code="a">v. :</subfield>
    <subfield code="b">ill. ;</subfield>
    <subfield code="c">45 cm.</subfield>
  </datafield>
  <datafield tag="310" ind1=" " ind2=" ">
    <subfield code="a">Semimonthly</subfield>
  </datafield>
  <datafield tag="362" ind1="0" ind2=" ">
    <subfield code="a">Vol. 10, no. 21 (Nov. 12, 1980)-</subfield>
  </datafield>
  <datafield tag="500" ind1=" " ind2=" ">
    <subfield code="a">Title from caption.</subfield>
  </datafield>
  <datafield tag="650" ind1=" " ind2="0">
    <subfield code="a">Polka (Dance)</subfield>
    <subfield code="v">Periodicals.</subfield>
  </datafield>
  <datafield tag="650" ind1=" " ind2="0">
    <subfield code="a">Polkas</subfield>
    <subfield code="v">Periodicals.</subfield>
  </datafield>
  <datafield tag="780" ind1="0" ind2="0">
    <subfield code="t">Michigan polka news</subfield>
    <subfield code="x">0732-3344</subfield>
    <subfield code="w">(DLC) 82642443</subfield>
  </datafield>
  <datafield tag="852" ind1="8" ind2=" ">
    <subfield code="a">MiU-H</subfield>
    <subfield code="b">BENT</subfield>
    <subfield code="h">2009182 Aa 2</subfield>
  </datafield>
  <datafield tag="029" ind1="1" ind2=" ">
    <subfield code="a">AU@</subfield>
    <subfield code="b">000025587077</subfield>
  </datafield>
  <datafield tag="955" ind1=" " ind2=" ">
    <subfield code="b">BENT</subfield>
    <subfield code="p">B3638699</subfield>
  </datafield>
</record>
